<?xml version='1.0' encoding='UTF-8'?>
<record xmlns="http://www.loc.gov/MARC21/slim">
  <leader>01555cam a2200385 a 4500</leader>
  <controlfield tag="001">389603</controlfield>
  <controlfield tag="003">NjP</controlfield>
  <controlfield tag="005">20171012080041.0</controlfield>
  <controlfield tag="008">870806s1962    iq            000 0 ara d</controlfield>
  <datafield tag="024" ind1="7" ind2=" ">
    <subfield code="a">princeton_aco002792</subfield>
    <subfield code="2">local</subfield>
  </datafield>
  <datafield ind1=" " ind2=" " tag="035">
    <subfield code="a">(OCoLC)ocn175559198</subfield>
  </datafield>
  <datafield ind1=" " ind2=" " tag="035">
    <subfield code="a">(OCoLC)80599943</subfield>
  </datafield>
  <datafield ind1=" " ind2=" " tag="040">
    <subfield code="a">NjP</subfield>
    <subfield code="c">PUL</subfield>
    <subfield code="d">PUL</subfield>
  </datafield>
  <datafield ind1=" " ind2=" " tag="035">
    <subfield code="a">(OCoLC)175559198</subfield>
  </datafield>
  <datafield ind1=" " ind2=" " tag="035">
    <subfield code="a">(CStRLIN)NJPG87-B37615</subfield>
  </datafield>
  <datafield ind1=" " ind2=" " tag="035">
    <subfield code="9">ABW5073TS</subfield>
  </datafield>
  <datafield ind1=" " ind2=" " tag="035">
    <subfield code="a">(NjP)389603</subfield>
  </datafield>
  <datafield ind1=" " ind2=" " tag="079">
    <subfield code="a">ocm80599943</subfield>
  </datafield>
  <datafield ind1=" " ind2=" " tag="049">
    <subfield code="a">PULL</subfield>
  </datafield>
  <datafield ind1="1" ind2=" " tag="100">
    <subfield code="6">880-01</subfield>
    <subfield code="a">ʻIzz al-Dīn, Yūsuf.</subfield>
  </datafield>
  <datafield ind1="1" ind2="3" tag="245">
    <subfield code="6">880-02</subfield>
    <subfield code="a">al-Mathānī wa-Muḥammad al-Hāshimī /</subfield>
    <subfield code="c">Yūsuf ʻIzz al-Dīn.</subfield>
  </datafield>
  <datafield ind1=" " ind2=" " tag="260">
    <subfield code="6">880-03</subfield>
    <subfield code="a">[Baghdad] :</subfield>
    <subfield code="b">al-Majmaʻ al-ʻIlmī al-ʻIrāqī,</subfield>
    <subfield code="c">1962.</subfield>
  </datafield>
  <datafield ind1=" " ind2=" " tag="300">
    <subfield code="a">12 p. ;</subfield>
    <subfield code="c">24 cm.</subfield>
  </datafield>
  <datafield ind1=" " ind2="0" tag="440">
    <subfield code="6">880-04</subfield>
    <subfield code="a">Maṭbuʻāt al-Majmaʻ al-ʻIlmī al-ʻIrāqī</subfield>
  </datafield>
  <datafield ind1=" " ind2=" " tag="504">
    <subfield code="a">Includes bibliographical references.</subfield>
  </datafield>
  <datafield ind1="1" ind2="0" tag="600">
    <subfield code="6">880-05</subfield>
    <subfield code="a">Hāshimī, Muḥammad,</subfield>
    <subfield code="d">1898-1973.</subfield>
    <subfield code="t">Selections.</subfield>
  </datafield>
  <datafield ind1=" " ind2="0" tag="650">
    <subfield code="a">Arabic poetry</subfield>
    <subfield code="x">History and criticism.</subfield>
    <subfield code="0">http://id.loc.gov/authorities/subjects/sh2007101226</subfield>
  </datafield>
  <datafield ind1="1" ind2=" " tag="880">
    <subfield code="6">100-01/r</subfield>
    <subfield code="a">عز الدين، يوسف.</subfield>
  </datafield>
  <datafield ind1="1" ind2="2" tag="880">
    <subfield code="6">245-02/r</subfield>
    <subfield code="a">المثاني ومحمد الهاشمي /</subfield>
    <subfield code="c">يوسف عز الدين.</subfield>
  </datafield>
  <datafield ind1=" " ind2=" " tag="880">
    <subfield code="6">260-03/r</subfield>
    <subfield code="a">[بغداد] :</subfield>
    <subfield code="b">المجمع العلمي العراقي،</subfield>
    <subfield code="c">1962.</subfield>
  </datafield>
  <datafield ind1=" " ind2="0" tag="880">
    <subfield code="6">440-04/r</subfield>
    <subfield code="a">مطبعات المجمع العلمي العراقي</subfield>
  </datafield>
  <datafield ind1="1" ind2="0" tag="880">
    <subfield code="6">600-05/r</subfield>
    <subfield code="a">هاشمي، محمد،</subfield>
    <subfield code="d">1898-1973.</subfield>
    <subfield code="t">Selections.</subfield>
  </datafield>
  <datafield ind1=" " ind2=" " tag="998">
    <subfield code="a">12/14/90</subfield>
    <subfield code="s">9118</subfield>
    <subfield code="n">NjP</subfield>
    <subfield code="w">NJPG87B37615</subfield>
    <subfield code="d">08/06/87</subfield>
    <subfield code="c">JEB</subfield>
    <subfield code="b">JEB</subfield>
    <subfield code="i">901214</subfield>
    <subfield code="l">NJPG</subfield>
  </datafield>
  <datafield ind1=" " ind2=" " tag="911">
    <subfield code="a">19921028</subfield>
  </datafield>
  <datafield ind1=" " ind2=" " tag="912">
    <subfield code="a">19910104000000.0</subfield>
  </datafield>
  <datafield ind1=" " ind2=" " tag="994">
    <subfield code="a">C0</subfield>
    <subfield code="b">PUL</subfield>
  </datafield>
  <datafield ind1=" " ind2=" " tag="999">
    <subfield code="a">389603</subfield>
  </datafield>
  <datafield ind1="0" ind2="0" tag="852">
    <subfield code="0">425159</subfield>
    <subfield code="b">rcppa</subfield>
    <subfield code="t">1</subfield>
    <subfield code="h">PJ7832.A734</subfield>
    <subfield code="i">Z49</subfield>
    <subfield code="x">tr fr arab</subfield>
  </datafield>
  <datafield ind1=" " ind2=" " tag="959">
    <subfield code="a">2000-06-13 00:00:00 -0500</subfield>
  </datafield>
</record>
